<?xml version="1.0" encoding="UTF-8"?>
  <record xmlns="http://www.loc.gov/MARC21/slim" type="Authority">
    <leader>00000nz  a2200000nc 4500</leader>
    <controlfield tag="001">102104395</controlfield>
    <controlfield tag="003">DE-101</controlfield>
    <controlfield tag="005">20220810150817.0</controlfield>
    <controlfield tag="008">920623n||azznnaabn           | aaa    |c</controlfield>
    <datafield tag="024" ind1="7" ind2=" ">
      <subfield code="a">102104395</subfield>
      <subfield code="0">http://d-nb.info/gnd/102104395</subfield>
      <subfield code="2">gnd</subfield>
    </datafield>
    <datafield tag="035" ind1=" " ind2=" ">
      <subfield code="a">(DE-101)102104395</subfield>
    </datafield>
    <datafield tag="035" ind1=" " ind2=" ">
      <subfield code="a">(DE-588)102104395</subfield>
    </datafield>
    <datafield tag="035" ind1=" " ind2=" ">
      <subfield code="z">(DE-588a)102104395</subfield>
      <subfield code="9">v:zg</subfield>
    </datafield>
    <datafield tag="035" ind1=" " ind2=" ">
      <subfield code="z">(DE-588c)4805845-2</subfield>
      <subfield code="9">v:zg</subfield>
    </datafield>
    <datafield tag="040" ind1=" " ind2=" ">
      <subfield code="a">DE-7</subfield>
      <subfield code="c">DE-7</subfield>
      <subfield code="9">r:DE-601</subfield>
      <subfield code="b">ger</subfield>
      <subfield code="d">8999</subfield>
      <subfield code="e">rda</subfield>
    </datafield>
    <datafield tag="042" ind1=" " ind2=" ">
      <subfield code="a">gnd1</subfield>
    </datafield>
    <datafield tag="043" ind1=" " ind2=" ">
      <subfield code="c">XA-DE</subfield>
    </datafield>
    <datafield tag="065" ind1=" " ind2=" ">
      <subfield code="a">16.5p</subfield>
      <subfield code="2">sswd</subfield>
    </datafield>
    <datafield tag="075" ind1=" " ind2=" ">
      <subfield code="b">p</subfield>
      <subfield code="2">gndgen</subfield>
    </datafield>
    <datafield tag="075" ind1=" " ind2=" ">
      <subfield code="b">pik</subfield>
      <subfield code="2">gndspec</subfield>
    </datafield>
    <datafield tag="079" ind1=" " ind2=" ">
      <subfield code="a">g</subfield>
      <subfield code="q">a</subfield>
      <subfield code="q">f</subfield>
      <subfield code="q">s</subfield>
      <subfield code="q">h</subfield>
      <subfield code="u">v</subfield>
    </datafield>
    <datafield tag="100" ind1="0" ind2=" ">
      <subfield code="a">Johann Wilhelm</subfield>
      <subfield code="c">Sachsen-Eisenach, Herzog</subfield>
      <subfield code="d">1666-1729</subfield>
    </datafield>
    <datafield tag="375" ind1=" " ind2=" ">
      <subfield code="a">1</subfield>
      <subfield code="2">iso5218</subfield>
    </datafield>
    <datafield tag="400" ind1="0" ind2=" ">
      <subfield code="a">Johann Wilhelm</subfield>
      <subfield code="c">Sachsen-Weimar, Herzog</subfield>
      <subfield code="d">1666-1729</subfield>
    </datafield>
    <datafield tag="400" ind1="0" ind2=" ">
      <subfield code="a">Johann Wilhelm</subfield>
      <subfield code="c">Sachsen, Herzog</subfield>
      <subfield code="d">1666-1729</subfield>
    </datafield>
    <datafield tag="400" ind1="0" ind2=" ">
      <subfield code="a">Johann Wilhelm</subfield>
      <subfield code="c">Sachsen-Weimar-Eisenach, Herzog</subfield>
      <subfield code="d">1666-1729</subfield>
    </datafield>
    <datafield tag="400" ind1="0" ind2=" ">
      <subfield code="a">Johann Wilhelm</subfield>
      <subfield code="c">Sachsen, Jülich, Kleve und Berg, Herzog</subfield>
      <subfield code="d">1666-1729</subfield>
    </datafield>
    <datafield tag="400" ind1="0" ind2=" ">
      <subfield code="a">Johann Wilhelm</subfield>
      <subfield code="c">Sachsen, Jülich, Cleve und Berg, Herzog</subfield>
      <subfield code="d">1666-1729</subfield>
    </datafield>
    <datafield tag="400" ind1="0" ind2=" ">
      <subfield code="a">Johann Wilhelm</subfield>
      <subfield code="c">Sachsen, Gülich, Cleve und Berg, Herzog</subfield>
      <subfield code="d">1666-1729</subfield>
    </datafield>
    <datafield tag="400" ind1="0" ind2=" ">
      <subfield code="a">Johann Wilhelm</subfield>
      <subfield code="c">Sachsen-Jena, Herzog</subfield>
      <subfield code="d">1666-1729</subfield>
    </datafield>
    <datafield tag="400" ind1="0" ind2=" ">
      <subfield code="a">Johann Wilhelm</subfield>
      <subfield code="c">Sachsen-Jülich-Kleve-Berg, Herzog</subfield>
      <subfield code="d">1666-1729</subfield>
    </datafield>
    <datafield tag="400" ind1="0" ind2=" ">
      <subfield code="a">Johann Wilhelm</subfield>
      <subfield code="c">Sachsen-Jülich-Cleve-Berg, Herzog</subfield>
      <subfield code="d">1666-1729</subfield>
    </datafield>
    <datafield tag="400" ind1="0" ind2=" ">
      <subfield code="a">Iohann Wilhelm</subfield>
      <subfield code="c">Sachsen-Eisenach, Herzog</subfield>
      <subfield code="d">1666-1729</subfield>
    </datafield>
    <datafield tag="400" ind1="0" ind2=" ">
      <subfield code="a">Johann Wilhelm</subfield>
      <subfield code="c">Sachsen-Jena, Herzog</subfield>
      <subfield code="d">1666-1729</subfield>
    </datafield>
    <datafield tag="400" ind1="0" ind2=" ">
      <subfield code="a">Johann Wilhelm</subfield>
      <subfield code="c">Saxonia-Juliacum-Clivia-Mons, Dux</subfield>
      <subfield code="d">1666-1729</subfield>
    </datafield>
    <datafield tag="400" ind1="0" ind2=" ">
      <subfield code="a">Johann Wilhelm</subfield>
      <subfield code="c">Saxonia-Juliacum-Clivia-Montes, Dux</subfield>
      <subfield code="d">1666-1729</subfield>
    </datafield>
    <datafield tag="400" ind1="0" ind2=" ">
      <subfield code="a">Johannes Wilhelmus</subfield>
      <subfield code="c">Saxonia, Dux</subfield>
      <subfield code="d">1666-1729</subfield>
    </datafield>
    <datafield tag="400" ind1="0" ind2=" ">
      <subfield code="a">Joannes Wilhelmus</subfield>
      <subfield code="c">Saxonia-Juliacum-Clivia-Montes, Dux</subfield>
      <subfield code="d">1666-1729</subfield>
    </datafield>
    <datafield tag="400" ind1="0" ind2=" ">
      <subfield code="a">Joannes Guilielmus</subfield>
      <subfield code="c">Saxonia-Juliacus-Clivia-Mons, Dux</subfield>
      <subfield code="d">1666-1729</subfield>
    </datafield>
    <datafield tag="400" ind1="0" ind2=" ">
      <subfield code="a">Johann Guilielm</subfield>
      <subfield code="c">Sachsen-Eisenach, Herzog</subfield>
      <subfield code="d">1666-1729</subfield>
    </datafield>
    <datafield tag="400" ind1="0" ind2=" ">
      <subfield code="a">Johannes Guilielmus</subfield>
      <subfield code="c">Saxonia, Dux</subfield>
      <subfield code="d">1666-1729</subfield>
    </datafield>
    <datafield tag="400" ind1="0" ind2=" ">
      <subfield code="a">Joannes Guilielmus</subfield>
      <subfield code="c">Saxonia, Dux</subfield>
      <subfield code="d">1666-1729</subfield>
    </datafield>
    <datafield tag="400" ind1="0" ind2=" ">
      <subfield code="a">Joh. Guilielmus</subfield>
      <subfield code="c">Saxonia-Julia-Clivia-Mons, Dux</subfield>
      <subfield code="d">1666-1729</subfield>
    </datafield>
    <datafield tag="400" ind1="0" ind2=" ">
      <subfield code="a">J. W. H. z. S.</subfield>
      <subfield code="d">1666-1729</subfield>
    </datafield>
    <datafield tag="400" ind1="0" ind2=" ">
      <subfield code="a">Jean Guillaume</subfield>
      <subfield code="c">Saxe, Dux</subfield>
      <subfield code="d">1666-1729</subfield>
    </datafield>
    <datafield tag="400" ind1="0" ind2=" ">
      <subfield code="a">Jean Gillaume</subfield>
      <subfield code="c">Saxe, duc</subfield>
      <subfield code="d">1666-1729</subfield>
    </datafield>
    <datafield tag="400" ind1="0" ind2=" ">
      <subfield code="a">Ioannes Wilhelmus</subfield>
      <subfield code="c">Saxonia, Dux</subfield>
      <subfield code="d">1666-1729</subfield>
    </datafield>
    <datafield tag="500" ind1="0" ind2=" ">
      <subfield code="0">(DE-101)102816964</subfield>
      <subfield code="0">(DE-588)102816964</subfield>
      <subfield code="0">https://d-nb.info/gnd/102816964</subfield>
      <subfield code="a">Johann Georg</subfield>
      <subfield code="b">I.</subfield>
      <subfield code="c">Sachsen-Eisenach, Herzog</subfield>
      <subfield code="d">1634-1686</subfield>
      <subfield code="4">bezf</subfield>
      <subfield code="4">https://d-nb.info/standards/elementset/gnd#familialRelationship</subfield>
      <subfield code="w">r</subfield>
      <subfield code="i">Beziehung familiaer</subfield>
      <subfield code="e">Beziehung familiaer</subfield>
      <subfield code="9">v:Vater</subfield>
    </datafield>
    <datafield tag="500" ind1="0" ind2=" ">
      <subfield code="0">(DE-101)120063891</subfield>
      <subfield code="0">(DE-588)120063891</subfield>
      <subfield code="0">https://d-nb.info/gnd/120063891</subfield>
      <subfield code="a">Christine Juliane</subfield>
      <subfield code="c">Sachsen-Eisenach, Herzogin</subfield>
      <subfield code="d">1678-1707</subfield>
      <subfield code="4">bezf</subfield>
      <subfield code="4">https://d-nb.info/standards/elementset/gnd#familialRelationship</subfield>
      <subfield code="w">r</subfield>
      <subfield code="i">Beziehung familiaer</subfield>
      <subfield code="e">Beziehung familiaer</subfield>
      <subfield code="9">v:2. Ehefrau</subfield>
    </datafield>
    <datafield tag="500" ind1="0" ind2=" ">
      <subfield code="0">(DE-101)104177128</subfield>
      <subfield code="0">(DE-588)104177128</subfield>
      <subfield code="0">https://d-nb.info/gnd/104177128</subfield>
      <subfield code="a">Magdalena Sibylla</subfield>
      <subfield code="c">Sachsen-Eisenach, Herzogin</subfield>
      <subfield code="d">1673-1726</subfield>
      <subfield code="4">bezf</subfield>
      <subfield code="4">https://d-nb.info/standards/elementset/gnd#familialRelationship</subfield>
      <subfield code="w">r</subfield>
      <subfield code="i">Beziehung familiaer</subfield>
      <subfield code="e">Beziehung familiaer</subfield>
      <subfield code="9">v:3. Ehefrau</subfield>
    </datafield>
    <datafield tag="500" ind1="0" ind2=" ">
      <subfield code="0">(DE-101)141647507</subfield>
      <subfield code="0">(DE-588)141647507</subfield>
      <subfield code="0">https://d-nb.info/gnd/141647507</subfield>
      <subfield code="a">Maria Christina Felicitas</subfield>
      <subfield code="c">Sachsen-Eisenach, Herzogin</subfield>
      <subfield code="d">1692-1734</subfield>
      <subfield code="4">bezf</subfield>
      <subfield code="4">https://d-nb.info/standards/elementset/gnd#familialRelationship</subfield>
      <subfield code="w">r</subfield>
      <subfield code="i">Beziehung familiaer</subfield>
      <subfield code="e">Beziehung familiaer</subfield>
      <subfield code="9">v:4. Ehefrau</subfield>
    </datafield>
    <datafield tag="500" ind1="0" ind2=" ">
      <subfield code="0">(DE-101)102911002</subfield>
      <subfield code="0">(DE-588)102911002</subfield>
      <subfield code="0">https://d-nb.info/gnd/102911002</subfield>
      <subfield code="a">Wilhelm Heinrich</subfield>
      <subfield code="c">Sachsen-Eisenach, Herzog</subfield>
      <subfield code="d">1691-1741</subfield>
      <subfield code="4">bezf</subfield>
      <subfield code="4">https://d-nb.info/standards/elementset/gnd#familialRelationship</subfield>
      <subfield code="w">r</subfield>
      <subfield code="i">Beziehung familiaer</subfield>
      <subfield code="e">Beziehung familiaer</subfield>
      <subfield code="9">v:Sohn aus 1. Ehe</subfield>
    </datafield>
    <datafield tag="500" ind1="0" ind2=" ">
      <subfield code="0">(DE-101)1156811651</subfield>
      <subfield code="0">(DE-588)1156811651</subfield>
      <subfield code="0">https://d-nb.info/gnd/1156811651</subfield>
      <subfield code="a">Johann Wilhelm</subfield>
      <subfield code="c">Sachsen-Eisenach, Prinz</subfield>
      <subfield code="d">1713-1713</subfield>
      <subfield code="4">bezf</subfield>
      <subfield code="4">https://d-nb.info/standards/elementset/gnd#familialRelationship</subfield>
      <subfield code="w">r</subfield>
      <subfield code="i">Beziehung familiaer</subfield>
      <subfield code="e">Beziehung familiaer</subfield>
      <subfield code="9">v:Sohn aus 3. Ehe</subfield>
    </datafield>
    <datafield tag="548" ind1=" " ind2=" ">
      <subfield code="a">1666-1729</subfield>
      <subfield code="4">datl</subfield>
      <subfield code="4">https://d-nb.info/standards/elementset/gnd#dateOfBirthAndDeath</subfield>
      <subfield code="w">r</subfield>
      <subfield code="i">Lebensdaten</subfield>
    </datafield>
    <datafield tag="548" ind1=" " ind2=" ">
      <subfield code="a">17.10.1666-04.01.1729</subfield>
      <subfield code="4">datx</subfield>
      <subfield code="4">https://d-nb.info/standards/elementset/gnd#dateOfBirthAndDeath</subfield>
      <subfield code="w">r</subfield>
      <subfield code="i">Exakte Lebensdaten</subfield>
    </datafield>
    <datafield tag="551" ind1=" " ind2=" ">
      <subfield code="0">(DE-101)042575710</subfield>
      <subfield code="0">(DE-588)4257571-0</subfield>
      <subfield code="0">https://d-nb.info/gnd/4257571-0</subfield>
      <subfield code="a">Friedewald</subfield>
      <subfield code="g">Landkreis Altenkirchen (Westerwald)</subfield>
      <subfield code="4">ortg</subfield>
      <subfield code="4">https://d-nb.info/standards/elementset/gnd#placeOfBirth</subfield>
      <subfield code="w">r</subfield>
      <subfield code="i">Geburtsort</subfield>
    </datafield>
    <datafield tag="551" ind1=" " ind2=" ">
      <subfield code="0">(DE-101)04014013X</subfield>
      <subfield code="0">(DE-588)4014013-1</subfield>
      <subfield code="0">https://d-nb.info/gnd/4014013-1</subfield>
      <subfield code="a">Eisenach</subfield>
      <subfield code="4">orts</subfield>
      <subfield code="4">https://d-nb.info/standards/elementset/gnd#placeOfDeath</subfield>
      <subfield code="w">r</subfield>
      <subfield code="i">Sterbeort</subfield>
    </datafield>
    <datafield tag="667" ind1=" " ind2=" ">
      <subfield code="a">7</subfield>
    </datafield>
    <datafield tag="667" ind1=" " ind2=" ">
      <subfield code="a">VD-17</subfield>
    </datafield>
    <datafield tag="667" ind1=" " ind2=" ">
      <subfield code="a">3</subfield>
    </datafield>
    <datafield tag="667" ind1=" " ind2=" ">
      <subfield code="a">VD-18</subfield>
    </datafield>
    <datafield tag="670" ind1=" " ind2=" ">
      <subfield code="a">Europ. Stammtaf.,48</subfield>
    </datafield>
    <datafield tag="670" ind1=" " ind2=" ">
      <subfield code="a">DbA</subfield>
    </datafield>
    <datafield tag="670" ind1=" " ind2=" ">
      <subfield code="a">Posse, Otto: Die Wettiner, Taf. 12</subfield>
    </datafield>
    <datafield tag="670" ind1=" " ind2=" ">
      <subfield code="a">Wikipedia</subfield>
      <subfield code="u">https://de.wikipedia.org/wiki/Johann_Wilhelm_(Sachsen-Eisenach)</subfield>
    </datafield>
    <datafield tag="672" ind1=" " ind2="0">
      <subfield code="a">Gerichts-Proceß u. Executions-Ordnung ...</subfield>
    </datafield>
    <datafield tag="672" ind1=" " ind2="0">
      <subfield code="a">Sinnbilder an der Ehren-Pforte. - ca. 1690</subfield>
    </datafield>
    <datafield tag="678" ind1=" " ind2=" ">
      <subfield code="b">Regierte ab 1698; verwaltete 1688 das akad. Rektorat in Jena; 1. Ehe 1690 mit Amalia von Nassau-Dietz; 2. Ehe 1697 mit Christine Juliane von Baden-Durlach; 3. Ehe ab 1708 mit Magdalena Sibylla, Tochter von Herzog Johann Adolf I. von Sachsen-Weißenfels; 4. Ehe 1727 mit Marie Christine Felizitas zu Leiningen-Dagsburg-Falkenburg-Heidesheim</subfield>
    </datafield>
    <datafield tag="913" ind1=" " ind2=" ">
      <subfield code="S">pnd</subfield>
      <subfield code="i">5</subfield>
      <subfield code="a">Johann Wilhelm &lt;Sachsen-Eisenach, Herzog&gt;</subfield>
      <subfield code="0">(DE-588a)102104395</subfield>
    </datafield>
  </record>
